    @BOOK{NNs,
      author = "Herve Abdi, Dominique Valentin, Betty Edelman",
      title =  "Neural Networks",
      publisher = "SAGE Publications",
      year = "1999",
      isbn = "07-619-1440-4",
    }
    
    @Article{intro_to_nn,
        author = "Dongare, AD and Kharde, RR and Kachare, Amit D and others",
        title = "Introduction to artificial neural network",
        journal = "International Journal of Engineering and Innovative Technology (IJEIT)",
        howpublished = "online",
        publisher = "Citeseer",
        year = "2012",
        volume = "2",
        number = "1",
        pages = "189-194",
        cited = "2024-10-26",
        url = "https://citeseerx.ist.psu.edu/document?repid=rep1&type=pdf&doi=04d0b6952a4f0c7203577afc9476c2fcab2cba06",
        issn= "2277-3754"
    }

    @book{dl_fundamentals,
        author = "Buduma, Nithin and Buduma, Nikhil and Papa, Joe",
        title = "Fundamentals of deep learning",
        publisher = "O'Reilly Media, Inc.",
        year = "2022",
        isbn = "978-1-491-92561-4"
    }

    @book{Goodfellow-et-al-2016,
        author = "Ian Goodfellow and Yoshua Bengio and Aaron Courville",
        title = "Deep Learning",
        howpublished = "online",
        publisher = "MIT Press",
        year = "2016",
        cited = "2024-11-01",
        isbn = "02-620-3561-8",
        url = "http://www.deeplearningbook.org"
    }

    @book{NN_DL,
        author = "Michael A. Nielsen",
        title = "Neural Networks and Deep Learning",
        howpublished = "online",
        publisher = "Determination Press",
        month = "12",
        year = "2015",
        cited = "2024-10-20",
        url = "http://neuralnetworksanddeeplearning.com"
    }

    @book{Cunningham2008,
        author="Cunningham, P{\'a}draig and Cord, Matthieu and Delany, Sarah Jane",
        title="Machine Learning Techniques for Multimedia: Case Studies on Organization and Retrieval",
        howpublished = "online",
        edition = "1",
        publisher="Springer Berlin Heidelberg",
        year="2008",
        cited = "2024-10-20",
        pages = "289",
        isbn="978-3-540-75171-7",
        url = "https://doi.org/10.1007/978-3-540-75171-7",
    }


    @Article{technologies9010002,
        author = "Jaiswal, Ashish and Babu, Ashwin Ramesh and Zadeh, Mohammad Zaki and Banerjee, Debapriya and Makedon, Fillia",
        title = "A Survey on Contrastive Self-Supervised Learning",
        journal = "Technologies",
        howpublished = "online",
        year = "2021",
        volume = "9",
        number = "1",
        issn = "2227-7080",
        cited = "2024-10-28",
        doi = "10.3390/technologies9010002",
        issn = "2227-7080"
    }

    
    @InProceedings{simclr,
        author = "Chen, Ting and Kornblith, Simon and Norouzi, Mohammad and Hinton, Geoffrey",      
        title = "A Simple Framework for Contrastive Learning of Visual Representations",
        editor = "III, Hal Daumé and Singh, Aarti",
        booktitle = "Proceedings of the 37th International Conference on Machine Learning",
        howpublished = "online",
        publisher = "PMLR",
        month = "7",
        year = "2020",
        volume = "119",
        pages = "1597--1607",
        cited = "2024-11-02",
        series = "Proceedings of Machine Learning Research",
        url = "https://proceedings.mlr.press/v119/chen20j.html",
    }

    @InProceedings{huawei_paper,
        author = "Finamore, Alessandro and Wang, Chao and Krolikowski, Jonatan and Navarro, Jose M. and Chen, Fuxing and Rossi, Dario",
        title = "Replication: Contrastive Learning and Data Augmentation in Traffic Classification Using a Flowpic Input Representation",
        booktitle = "Proceedings of the 2023 ACM on Internet Measurement Conference",
        howpublished = "online",
        address = "New York, NY, USA",
        publisher = "Association for Computing Machinery",
        month = "10",
        year = "2023",
        pages = "36–51",
        cited = "2024-11-02",
        series = "IMC '23",
        isbn = "9798400703829",
        url = "https://doi.org/10.1145/3618257.3624820",
    }

    @InProceedings{network_classification,
        author="Shafiq, Muhammad and Yu, Xiangzhan and Laghari, Asif Ali and Yao, Lu and Karn, Nabin Kumar and Abdessamia, Foudil",
        title="Network Traffic Classification techniques and comparative analysis using Machine Learning algorithms",
        booktitle="2016 2nd IEEE International Conference on Computer and Communications (ICCC)",  
        howpublished = "online",
        address = "Chengdu, China",
        publisher = "IEEE",
        month = "10",
        year="2016",
        pages="2451-2455",
        cited = "2024-11-02",
        isbn = "978-1-4673-9026-2",       
        url ="https://doi.org/10.1109/CompComm.2016.7925139",
    }

    @InProceedings{network_applications,
        author = "Moore, Andrew W. and Papagiannaki, Konstantina",
        title = "Toward the Accurate Identification of Network Applications",
        editor = "Dovrolis, Constantinos",
        booktitle = "Passive and Active Network Measurement",
        howpublished = "online",
        address = "Berlin, Heidelberg",
        publisher = "Springer Berlin Heidelberg",
        year = "2005",
        volume = "3431",
        pages = "41--54",
        cited = "2024-11-13",
        series = "Lecture Notes in Computer Science",
        isbn = "978-3-540-31966-5",
        url = "https://doi.org/10.1007/978-3-540-31966-5_4"
    }

    @InProceedings{transport_layer_id,
        author = "Karagiannis, Thomas and Broido, Andre and Faloutsos, Michalis and claffy, Kc",
        title = "Transport layer identification of P2P traffic",
        booktitle = "Proceedings of the 4th ACM SIGCOMM Conference on Internet Measurement",
        howpublished = "online",
        address = "New York, NY, USA",
        publisher = "Association for Computing Machinery",
        month = "10",
        year = "2004",
        pages = "121–134",
        cited = "2024-11-13",
        series = "IMC '04",
        isbn = "1581138210",
        url = "https://doi.org/10.1145/1028788.1028804",
    }

    @Article{flow_monitoring,
        author = "Hofstede, Rick and Čeleda, Pavel and Trammell, Brian and Drago, Idilio and Sadre, Ramin and Sperotto, Anna and Pras, Aiko",
        title = "Flow Monitoring Explained: From Packet Capture to Data Analysis With NetFlow and IPFIX", 
        journal = "IEEE Communications Surveys \& Tutorials", 
        howpublished = "online",
        publisher  =  "IEEE",
        month= "5",
        year = "2014",
        volume = "16",
        number = "4",
        pages = "2037-2064",
        cited = "2024-11-13",
        doi = "10.1109/COMST.2014.2321898",
        issn = "1553-877X"
    }

    @TechReport{rfc7011,
        author = "Paul Aitken and Benoît Claise and Brian Trammell",
        title ="Specification of the IP Flow Information Export (IPFIX) Protocol for the Exchange of Flow Information",
        howpublished = "online",  
        type = "RFC",
        number = "7011",
        institution = "RFC Editor",
        month = "9",        
        year = "2013",
        series = "Request for Comments",
        cited = "2024-11-13",
        pages =  "76",
        url = "https://doi.org/10.17487/RFC7011",
    }

    @TechReport{rfc3954,
        author = "Benoît Claise",        
        title =  "Cisco Systems NetFlow Services Export Version 9",
        howpublished = "online",
        type = "RFC",
        number = "3954",
        institution = "RFC Editor",
        month = "10",
        year = "2004",
        series = "Request for Comments",
        cited = "2024-11-13",
        pages = "33",
        url = "https://doi.org/10.17487/RFC3954",
    }

    @Article{IPFIX,
        author = "Trammell, Brian and Boschi, Elisa",
        title = "An introduction to IP flow information export (IPFIX)", 
        journal = "IEEE Communications Magazine", 
        howpublished = "online",
        publisher = "IEEE",
        month = "4",
        year = "2011",
        volume = "49",
        number = "4",
        pages = "89-95",
        cited = "2024-11-13",
        doi = "10.1109/MCOM.2011.5741152",
        issn = "1558-1896"
    }

    @TechReport{rfc3917,
        author = "Tanja Zseby and Benoît Claise and Juergen Quittek and Sebastian Zander",
        title =  "Requirements for IP Flow Information Export (IPFIX)",
        howpublished =  "online",
        type = "RFC",
        number = "3917",
        institution = "RFC Editor",
        month = "10",        
        year = "2004",
        series = "Request for Comments",
        cited = "2024-11-13",
        pages = "33",
        url = "https://doi.org/10.17487/RFC3917",
    }
    
    @TechReport{rfc3955,
        author = "Simon Leinen",
        title =  "Evaluation of Candidate Protocols for IP Flow Information Export (IPFIX)",
        howpublished =  "online",
        type = "RFC",
        number = "3955",
        institution = "RFC Editor",
        month = "10",
        year = "2004",
        series = "Request for Comments",
        cited = "2024-11-13",
        pages = "23",
        url = "https://doi.org/10.17487/RFC3955",
    }

    @TechReport{rfc5472,
        author = "Tanja Zseby and Elisa Boschi and Nevil Brownlee and Benoît Claise",
        title = "IP Flow Information Export (IPFIX) Applicability",
        howpublished =  "online",
        type = "RFC",
        number = "5472",
        institution = "RFC Editor",
        month = "3",
        year = "2009",
        series = "Request for Comments",
        cited = "2024-11-13",
        pages = "31",
        url = "https://doi.org/10.17487/RFC5472",
    }

    @TechReport{rfc5470,
        author = "Ganesh Sadasivan and Nevil Brownlee and Benoît Claise and Juergen Quittek",
        title =  "Architecture for IP Flow Information Export",
        howpublished = "online",
        type = "RFC",
        number = "5470",
        institution = "RFC Editor",
        month = "3",
        year = "2009",
        series = "Request for Comments",
        cited = "2024-11-13",
        pages = "31",
        url = "https://doi.org/10.17487/RFC5470",
    }

    @Article{encrypted_traffic,
        author = "Shen, Meng and Ye, Ke and Liu, Xingtong and Zhu, Liehuang and Kang, Jiawen and Yu, Shui and Li, Qi and Xu, Ke",
        title = "Machine Learning-Powered Encrypted Network Traffic Analysis: A Comprehensive Survey", 
        journal = "IEEE Communications Surveys \& Tutorials", 
        howpublished = "online",
        publisher = "IEEE",
        month = "9",
        year = "2023",
        volume = "25",
        number = "1",
        pages = "791-824",
        cited = "2024-11-18",
        doi = "10.1109/COMST.2022.3208196",
        issn = "1553-877X"
    }

    @Article{survey_enc_traffic,
        author = "Velan, Petr and Čermák, Milan and Čeleda, Pavel and Drašar, Martin",
        title = "A survey of methods for encrypted traffic classification and analysis",
        journal = "International Journal of Network Management",
        howpublished = "online",
        month = "7",
        year = "2015",        
        volume = "25",
        number = "5",
        pages = "355-374",
        cited = "2024-11-18",
        doi = "10.1002/nem.1901",
        issn = "1055-7148",
    }

    @Article{FlowPic,
        author = "Shapira, Tal and Shavitt, Yuval",
        title = "FlowPic: A Generic Representation for Encrypted Traffic Classification and Applications Identification", 
        journal = "IEEE Transactions on Network and Service Management", 
        howpublished = "online",
        month = "6",
        year = "2021",
        volume = "18",
        number = "2",
        pages = "1218-1232",
        cited = "2024-11-27",
        doi = "10.1109/TNSM.2021.3071441",
        issn = "1932-4537"
    }

    @InProceedings{FlowPic_classification,
        author = "Shapira, Tal and Shavitt, Yuval",
        title = "FlowPic: Encrypted Internet Traffic Classification is as Easy as Image Recognition", 
        booktitle = "IEEE INFOCOM 2019 - IEEE Conference on Computer Communications Workshops (INFOCOM WKSHPS)", 
        howpublished = "online",
        publisher = "IEEE",
        month = "4",
        year = "2019",
        pages = "680-687",
        cited = "2024-11-27",
        isbn = "978-1-7281-1878-9",
        url = "https://doi.org/10.1109/INFCOMW.2019.8845315",
    }

    @InProceedings{flowpic_augmentations,
        author = "Horowicz, Eyal and Shapira, Tal and Shavitt, Yuval",
        title = "A few shots traffic classification with mini-FlowPic augmentations",
        booktitle = "Proceedings of the 22nd ACM Internet Measurement Conference",
        howpublished = "online",
        address = "New York, NY, USA",
        publisher = "Association for Computing Machinery",
        month = "10",
        year = "2022",
        pages = "647–654",
        cited = "2024-11-27",        
        series = "IMC '22",
        isbn = "9781450392594",
        url = "https://doi.org/10.1145/3517745.3561436",
    }

    @PhdThesis{Schmitt2022,
        author = "Norbert Schmitt",
        title = "Measurement, Modeling, and Emulation of Power Consumption of Distributed Systems",
        howpublished = "online",
        type = "Doctoral Thesis",
        location = "Würzburg",
        school = "Universit{\"a}t W{\"u}rzburg",
        year = "2022",
        cited = "2024-12-12",
        url = "https://doi.org/10.25972/OPUS-27658",
    }

    @Webpage{cnn_arch,
        author = "Gill, Jagreet Kaur",
        secondarytitle = "Vision Transformers (ViTs)",
        title = "Xenonstack",
        howpublished = "online",
        day = "3",
        month = "10",        
        year = "2024",
        cited = "2024-12-12",
        url = "https://www.xenonstack.com/blog/vision-transformers"
    }

    @Article{usdavis,
        author = "Rezaei, Shahbaz and Liu, Xin",
        title = "How to Achieve High Classification Accuracy with Just a Few Labels: A Semi-supervised Approach Using Sampled Packets",
        journal = "CoRR",
        howpublished = "online",
        version = "2",
        month = "12",
        year = "2018",
        revised = "revidováno 16. 5. 2020",
        cited = "2025-01-10",
        doi = "10.48550/arXiv.1812.09761",
    }

    @InProceedings{mirage19,
        author = "Aceto, Giuseppe and Ciuonzo, Domenico and Montieri, Antonio and Persico, Valerio and Pescapé, Antonio",
        title = "MIRAGE: Mobile-app Traffic Capture and Ground-truth Creation", 
        booktitle = "2019 4th International Conference on Computing, Communications and Security (ICCCS)", 
        howpublished = "online",       
        address = "Rome, Italy",        
        publisher = "IEEE",
        month = "10",
        year = "2019",
        pages = "1-8",
        cited = "2025-01-10",
        isbn = "978-1-7281-0875-9",
        url = "https://doi.org/10.1109/CCCS.2019.8888137"
    }
        
    @Article{mirage22,
        author = "Idio Guarino and Giuseppe Aceto and Domenico Ciuonzo and Antonio Montieri and Valerio Persico and Antonio     Pescapè",
        title = "Contextual counters and multimodal Deep Learning for activity-level traffic classification of mobile   communication apps during COVID-19 pandemic",
        journal = "Computer Networks",
        howpublished = "online",
        month = "4",
        year = "2022",
        volume = "219",
        pages = "109452",
        revised = "revidováno 4. 11. 2022",
        cited = "2025-01-10",
        doi = "10.1016/j.comnet.2022.109452",
        issn = "1389-1286"
    }

    @Article{UTMobileNetTraffic,
        author="Heng, Yuqiang and Chandrasekhar, Vikram and Andrews, Jeffrey G.",
        title="UTMobileNetTraffic2021: A Labeled Public Network Traffic Dataset", 
        journal="IEEE Networking Letters", 
        howpublished = "online",
        publisher = "IEEE",
        month = "9",
        year="2021",
        volume="3",
        number="3",
        pages="156-160",
        cited = "2025-01-10",
        doi="10.1109/LNET.2021.3098455",
        issn = "2576-3156"
    }
    
    @Article{lenet5,
        author="Lecun, Y. and Bottou, L. and Bengio, Y. and Haffner, P.",
        title="Gradient-based learning applied to document recognition", 
        journal="Proceedings of the IEEE", 
        howpublished = "online",
        publisher = "IEEE",
        month="11",
        year="1998",
        volume="86",
        number="11",
        pages="2278-2324",
        cited = "2025-01-13",
        doi="10.1109/5.726791",
        issn = "1558-2256"
    }

    @Inbook{pytorch,
        author="Ketkar, Nikhil and Moolayil, Jojo",
        title="Introduction to PyTorch",
        bookTitle="Deep Learning with Python: Learn Best Practices of Deep Learning Models with PyTorch",
        howpublished="online",
        edition="2",
        address="Berkeley, CA",
        publisher="Apress",
        month="4",
        year="2021",
        chapter="2",
        pages="27--91",
        cited="2025-04-04",
        isbn="978-1-4842-5364-9",
        url="https://doi.org/10.1007/978-1-4842-5364-9_2"
    }





%===================================================================================================== %